@book{mvg,
    AUTHOR = {Richard Hartley and Andrew Zisserman},
    TITLE = {Multiple View Geometry},
    YEAR = {2004},
    PUBLISHER = {Cambridge University Press}
}

@misc{forelas,
    AUTHOR = {Carl Olsson},
    TITLE = {Lecture 3: Camera Calibrarion, DLT, SVD},
    HOWPUBLISHED = {URL: \url{http://www.maths.lth.se/matematiklth/personal/calle/datorseende13/notes/forelas3.pdf}},
    NOTE = {Consultado el 17/12/2016}
}

@misc{cal,
    AUTHOR = {Alexander Mordvintsev and Abid K.},
    TITLE = {Camera Calibration},
    HOWPUBLISHED = {URL: \url{http://opencv-python-tutroals.readthedocs.io/en/latest/py\_tutorials/py\_calib3d/py\_calibration/py\_calibration.html}},
    NOTE = {Consultado el 23/12/2016}
}

@misc{epi,
    AUTHOR = {Alexander Mordvintsev & Abid K.},
    TITLE = {Epipolar Geometry},
    HOWPUBLISHED = {URL: \url{http://opencv-python-tutroals.readthedocs.io/en/latest/py\_tutorials/py\_calib3d/py\_epipolar\_geometry/py\_epipolar\_geometry.html}},
    NOTE = {Consultado el 26/12/2016}
}

@misc{wiki,
    AUTHOR = {Wikipedia},
    TITLE = {Distance from a point to a line},
    HOWPUBLISHED = {URL: \url{https://en.wikipedia.org/wiki/Distance_from_a_point_to_a_line}},
    NOTE = {Consultado el 28/12/2016}
}
